@article{koller2009introduction,
  title   = {A Brief Introduction to Graphical Models and Bayesian},
  author  = {Koller, D. and Friedman, N.},
  journal = {Machine Learning},
  volume  = {83},
  number  = {1},
  pages   = {1--2},
  year    = {2009},
}

@book{hair2019advanced,
  title     = {Advanced Data Analysis},
  author    = {Hair, J.F. and Black, W.C. and Babin, B.J. and Anderson, R.E. and Tatham, R.L.},
  edition   = {4th},
  publisher = {Pearson},
  year      = {2019}
}

@article{jensen2001bayesian,
  title   = {Bayesian Network Reasoning with Uncertain Evidence},
  author  = {Jensen, F.V.},
  journal = {Machine Learning},
  volume  = {44},
  number  = {1-2},
  pages   = {57--102},
  year    = {2001}
}

@inproceedings{han2011data,
  title     = {From Data Mining to},
  author    = {Han, J. and Kamber, M. and Pei, J.},
  booktitle = {Data Mining: Concepts and Techniques},
  year      = {2011}
}

@inproceedings{pearl2009introduction,
  title     = {Introducing Causal Inference Using Bayesian Networks and do Calculus},
  author    = {Pearl, J.},
  booktitle = {Proceedings of the 25th Conference on Uncertainty in Artificial Intelligence},
  pages     = {263--270},
  year      = {2009}
}

@article{wang2017literature,
  title   = {Literature Survey on Educational Dropout Prediction},
  author  = {Wang, S. and Yang, J. and Zhang, L. and Zhou, M.C.},
  journal = {International Journal of Educational Research},
  volume  = {83},
  pages   = {79--97},
  year    = {2017}
}

@article{kocev2013need,
  title   = {Need for Interpretable Student Performance},
  author  = {Kocev, D. and Kocev, I. and Džeroski, S.},
  journal = {Expert Systems with Applications},
  volume  = {40},
  number  = {4},
  pages   = {1246--1255},
  year    = {2013}
}

@article{garcia2018prediccion,
  title   = {Predicción del rendimiento académico aplicando técnicas de minería de datos},
  author  = {García, E. and Romero, C. and Ventura, S.},
  journal = {Revista Iberoamericana de Educación a Distancia},
  volume  = {21},
  number  = {1},
  pages   = {157--174},
  year    = {2018}
}
